<?xml version="1.0" encoding="UTF-8"?><record xmlns="http://www.loc.gov/MARC21/slim" xmlns:cinclude="http://apache.org/cocoon/include/1.0" xmlns:zs="http://www.loc.gov/zing/srw/">
  <leader>00515nz  a2200133n  4500</leader>
  <controlfield tag="001">no2004028537</controlfield>
  <controlfield tag="003">DLC</controlfield>
  <controlfield tag="005">20040326052442.0</controlfield>
  <controlfield tag="008">040325n| acannaabn          |n ana      </controlfield>
  <datafield tag="010" ind1=" " ind2=" ">
    <subfield code="a">no2004028537</subfield>
  </datafield>
  <datafield tag="035" ind1=" " ind2=" ">
    <subfield code="a">(OCoLC)oca06306691</subfield>
  </datafield>
  <datafield tag="040" ind1=" " ind2=" ">
    <subfield code="a">DLC-OB</subfield>
    <subfield code="b">eng</subfield>
    <subfield code="c">DLC-OB</subfield>
  </datafield>
  <datafield tag="130" ind1=" " ind2="0">
    <subfield code="a">Cozinheiro nacional</subfield>
  </datafield>
  <datafield tag="670" ind1=" " ind2=" ">
    <subfield code="a">Campos, E. A descoberta do sabor selvagem, 2000:</subfield>
    <subfield code="b">t.p. (Cozinheiro nacional) front flap (work written by an unknown author about the Brazilian cooking and published approximately in the middle of the 19th century)</subfield>
  </datafield>
</record>